<?xml version="1.0" encoding="UTF-8"?><collection xmlns="http://www.loc.gov/MARC21/slim"><record><leader>00567nam--2200181-i-4500</leader><controlfield tag="001">000011883</controlfield><controlfield tag="002">20161230</controlfield><controlfield tag="005">20161230201029</controlfield><controlfield tag="008">060222s1000------------r-----000-0-fre-d</controlfield><datafield ind1=" " ind2=" " tag="040"><subfield code="a">IFIN-HH</subfield></datafield><datafield ind1=" " ind2=" " tag="041"><subfield code="a">fre</subfield></datafield><datafield ind1=" " ind2=" " tag="080"><subfield code="a">539.12.01:539.2:548.1:519.872.8(043)</subfield></datafield><datafield ind1="1" ind2=" " tag="100"><subfield code="a">Dang, Dinh Cung</subfield></datafield><datafield ind1="1" ind2="0" tag="245"><subfield code="a">Contribution par simulations numeriques a la theorie des effets d'irradiation dans les solides cristallins</subfield><subfield code="b">These</subfield><subfield code="c">Dang dinh cung</subfield></datafield><datafield ind1=" " ind2=" " tag="260"><subfield code="a">Nancy</subfield><subfield code="b">Universite De Nancy 1</subfield><subfield code="c">1975</subfield></datafield><datafield ind1=" " ind2=" " tag="300"><subfield code="a">179P</subfield></datafield><datafield ind1=" " ind2=" " tag="852"><subfield code="a">44008</subfield><subfield code="c">539.12.04</subfield></datafield><datafield ind1=" " ind2=" " tag="CAT"><subfield code="a">Sys</subfield><subfield code="c">20120207</subfield><subfield code="h">162407</subfield></datafield></record></collection>